
\bibliographystyle{./IEEEtran}
\bibliography{./IEEEabrv,./IEEEexample}

@Techreport{Krizhevsky_2009_17719,

  author = {Krizhevsky, Alex},

 address = {Toronto, Ontario},

 institution = {University of Toronto},

 number = {0},

 publisher = {Technical report, University of Toronto},

 title = {Learning multiple layers of features from tiny images},

 year = {2009},

 title_with_no_special_chars = {Learning multiple layers of features from tiny images}

}
@electronic{dataset,
  author = {Krizhevsky, Alex},
  title         = "CIFAR-10 and CIFAR-100 datasets",
  url           = "https://www.cs.toronto.edu/~kriz/cifar.html",
  year = 2009
}

@eletrocnic{metrics,
  author = "Boaz Shmueli",
  title = "Multi-Class Metrics Made Simple, Part I: Precision and Recall",
  url = "https://towardsdatascience.com/multi-class-metrics-made-simple-part-i-precision-and-recall-9250280bddc2",
  day = 2,
  month = jul,
  year = 2019,
}

@electronic{b2,
  title         = {sklearn.metrics.f1\_score},
  url           = "https://scikit-learn.org/stable/modules/generated/sklearn.metrics.f1_score.html",
}


@eletronic{b4,

    title = "Understanding the Classification report through sklearn",
    url = "https://muthu.co/understanding-the-classification-report-in-sklearn/",
    author = "Muthu",
    day = 7,
    month = jul,
    year = 2018,
}


@eletronic{b6,

    title = {sklearn.metrics.recall\_score},
    url = "https://scikit-learn.org/stable/modules/generated/sklearn.metrics.recall_score.html",
}

@eletronic{b7,

    title = {sklearn.metrics.precision\_score},
    url = "https://scikit-learn.org/stable/modules/generated/sklearn.metrics.precision_score.html",
}

@eletronic{b8,
    author = "Andrew Long",
    title = "Understanding Data Science Classification Metrics in Scikit-Learn in Python",
    url = "https://towardsdatascience.com/understanding-data-science-classification-metrics-in-scikit-learn-in-python-3bc336865019",
    day = 5,
    month = aug,
    year = 2018,
}

@book{howard2020deep,
title={Deep Learning for Coders with Fastai and Pytorch: AI Applications Without a PhD},
author={Howard, J. and Gugger, S.},
isbn={9781492045526},
url={https://books.google.no/books?id=xd6LxgEACAAJ},
year={2020},
publisher={O'Reilly Media, Incorporated}
}



@IEEEtranBSTCTL{IEEEexample:BSTcontrol,
  CTLuse_article_number     = "yes",
  CTLuse_paper              = "yes",
  CTLuse_forced_etal        = "no",
  CTLmax_names_forced_etal  = "10",
  CTLnames_show_etal        = "1",
  CTLuse_alt_spacing        = "yes",
  CTLalt_stretch_factor     = "4",
  CTLdash_repeated_names    = "yes",
  CTLname_format_string     = "{f.~}{vv~}{ll}{, jj}",
  CTLname_latex_cmd         = "",
  CTLname_url_prefix        = "[Online]. Available:"
}


