
\bibliographystyle{./IEEEtran}
\bibliography{./IEEEabrv,./IEEEexample}


@electronic{b1,
  title         = " Bank Marketing Data Set ",
  url           = "https://archive.ics.uci.edu/ml/datasets/Bank+Marketing",
}




@IEEEtranBSTCTL{IEEEexample:BSTcontrol,
  CTLuse_article_number     = "yes",
  CTLuse_paper              = "yes",
  CTLuse_forced_etal        = "no",
  CTLmax_names_forced_etal  = "10",
  CTLnames_show_etal        = "1",
  CTLuse_alt_spacing        = "yes",
  CTLalt_stretch_factor     = "4",
  CTLdash_repeated_names    = "yes",
  CTLname_format_string     = "{f.~}{vv~}{ll}{, jj}",
  CTLname_latex_cmd         = "",
  CTLname_url_prefix        = "[Online]. Available:"
}


